@article{marquez2003estimacion,
  title={Estimaci{\'o}n del Tipo de Cambio Real de Equilibrio para Bolivia},
  author={Marquez, Mar{\'\i}a Ang{\'e}lica Aguilar},
  journal={Revista de An{\'a}lisis del BCB},
  volume={6},
  number={1},
  pages={41--71},
  year={2003},
  publisher={Banco Central de Bolivia}
}
@article{ahn2007exchange,
  title={Exchange rates and FOMC days},
  author={Ahn, Seung Chan and Melvin, Michael},
  journal={Journal of Money, Credit and Banking},
  volume={39},
  number={5},
  pages={1245--1266},
  year={2007},
  publisher={Wiley Online Library}
}
@incollection{akrama2003real,
  title={Real equilibrium exchange rates},
  author={Akram, Qaisar F and Brunvatne, Kari-Mette and Lokshall, Raymond},
  booktitle={Explaining movements in the Norwegian exchange rate},
  volume={32},
  pages={53--86},
  year={2003},
  publisher={Norges Bank Occasional Papers}
}
@incollection{akram2003real,
  title={Real equilibrium exchange rates for norway},
  author={Akram, Qaisar F},
booktitle={Explaining movements in the Norwegian exchange rate},
  volume={32},
  pages={53--86},
  year={2003},
  publisher={Norges Bank Occasional Papers}
}
@techreport{akram2004oil,
  title={Oil wealth and real exchange rates: The FEER for Norway},
  author={Akram, Qaisar Farooq and others},
  year={2004},
  institution={Norges Bank}
}
@article{aliber2000rules,
  title={Rules and authorities in international monetary arrangements: The role of the central bank},
  author={Aliber, Robert Z},
  journal={The American Economic Review},
  volume={90},
  number={2},
  pages={43--47},
  year={2000},
  publisher={JSTOR}
}
@article{alper1999equilibrium,
  title={The equilibrium real exchange rate: evidence from Turkey},
  author={Alper, C Emre and Saglam, Ismail},
  year={1999},
  publisher={Bogazici University}
}
@article{arena1998fundamentos,
  title={Fundamentos y desalineamientos: el tipo de cambio real de equilibrio en el Per{\'u}},
  author={Arena, Marco and Tuesta, Pedro and others},
  journal={Banco Central de Reserva del Per{\'u}, Estudios Econ{\'o}micos},
  volume={3},
  pages={29--50},
  year={1998}
}
@article{bacchetta2006can,
  title={Can information heterogeneity explain the exchange rate determination puzzle?},
  author={Bacchetta, Philippe and Van Wincoop, Eric},
  journal={The American Economic Review},
  volume={96},
  number={3},
  pages={552--576},
  year={2006},
  publisher={American Economic Association}
}
@article{bacha1971foreign,
  title={Foreign exchange shadow prices: a critical review of current theories},
  author={Bacha, Edmar and Taylor, Lance},
  journal={The Quarterly Journal of Economics},
  pages={197--224},
  year={1971},
  publisher={JSTOR}
}
@article{baillie1994cointegration,
  title={Cointegration, fractional cointegration, and exchange rate dynamics},
  author={Baillie, Richard T and Bollerslev, Tim},
  journal={The Journal of Finance},
  volume={49},
  number={2},
  pages={737--745},
  year={1994},
  publisher={Wiley Online Library}
}
@article{balassa1968effective,
  title={Effective tariffs, domestic cost of foreign exchange, and the equilibrium exchange rate},
  author={Balassa, Bela and Schydlowsky, Daniel M},
  journal={The Journal of Political Economy},
  pages={348--360},
  year={1968},
  publisher={JSTOR}
}
@article{baldwin1989persistent,
  title={Persistent Trade Effects of Large Exchange Rate Shocks},
  author={Baldwin, Richard and Krugman, Paul},
  journal={The Quarterly Journal of Economics},
  pages={635--654},
  year={1989},
  publisher={JSTOR}
}
@article{romerocosta,
  title={Costa Rica: tipo de cambio real y zona de equilibrio},
  author={Barquero Romero, Jos{\'e} Pablo and Mu{\~n}oz Salas, Evelyn }
}
@article{barrett1981purchasing,
  title={Purchasing Power Parity and the Equilibrium Exchange Rate: Note},
  author={Barrett, Richard N},
  journal={Journal of Money, Credit and Banking},
  volume={13},
  number={2},
  pages={227--240},
  year={1981},
  publisher={JSTOR}
}
@article{bello2010tipo,
  title={El tipo de cambio real de equilibrio: un estudio para 17 pa{\'\i}ses de Am{\'e}rica Latina},
  author={Bello, Omar and Heresi, Rodrigo and Pineda Salazar, Ram{\'o}n},
  year={2010},
  publisher={CEPAL}
}
@article{benigno2003equilibrium,
  title={Equilibrium Exchange Rates and Supply-Side Performance},
  author={Benigno, Gianluca and Thoenissen, Christoph},
  journal={The Economic Journal},
  volume={113},
  number={486},
  pages={C103--C124},
  year={2003},
  publisher={Wiley Online Library}
}
@article{bergvall2005exchange,
  title={Exchange rate regimes and macroeconomic stability: the case of Sweden},
  author={Bergvall, Anders},
  journal={Oxford Economic Papers},
  volume={57},
  number={3},
  pages={422--446},
  year={2005},
  publisher={Oxford Univ Press}
}
@article{bhandari1981expectations,
  title={Expectations, Exchange Rate Volatility and Non-Neutral Disturbances},
  author={Bhandari, Jagdeep S},
  journal={International Economic Review},
  pages={535--540},
  year={1981},
  publisher={JSTOR}
}
@article{black1990equilibrium,
  title={Equilibrium exchange rate hedging},
  author={Black, Fischer},
  journal={The Journal of Finance},
  volume={45},
  number={3},
  pages={899--907},
  year={1990},
  publisher={Wiley Online Library}
}
@article{bliss1988exchange,
  title={Exchange rate protection and exchange rate conflict},
  author={Bliss, Christopher and Joshi, Vijay},
  journal={Oxford Economic Papers},
  volume={40},
  number={2},
  pages={365--377},
  year={1988},
  publisher={JSTOR}
}
@article{bussiere2010methodological,
  title={Methodological advances in the assessment of equilibrium exchange rates},
  author={Bussi{\`e}re, Matthieu and Ca'Zorzi, Michele and Chud{\'\i}k, Alexander and Dieppe, Alistair},
  year={2010},
  journal={ECB Working paper}
}
@article{calvo1993capital,
  title={Capital Inflows and Real Exchange Rate Appreciation in Latin America: The Role of External Factors},
  author={Calvo, Guillermo A and Leiderman, Leonardo and Reinhart, Carmen M},
  journal={IMF Staff Papers},
  volume={40},
  number={1},
  pages={108},
  year={1993},
  publisher={International Monetary Fund}
}
@article{caporale2009international,
  title={International Financial Integration and Real Exchange Rate Long-Run Dynamics in Emerging Countries: Some Panel Evidence},
  author={Caporale, Guglielmo Maria and Amor, Thouraya Hadj and Rault Christophe},
  journal={IZA Discussion Paper Series},
  volume={4038},
  year={2009},}
@article{caputo2008tipo,
  title={Tipo de cambio real de equilibrio en Chile: enfoques alternativos},
  author={Caputo, Rodrigo and N{\'u}{\~n}ez, Marco},
  journal={Banco Central de Chile. Econom{\'\i}a Chilena},
  volume={11},
  number={2},
  year={2008}
}
@article{caputo2008analisis,
  title={An{\'a}lisis del tipo de cambio en la pr{\'a}ctica},
  author={Caputo, Rodrigo and N{\'u}{\~n}ez, Marco and Vald{\'e}s, Rodrigo and others},
  journal={Investigaci{\'o}n Conjunta-espa{\~n}ol},
  volume={1},
  pages={313--364},
  year={2008},
  publisher={Centro de Estudios Monetarios Latinoamericanos, CEMLA}
}
@article{carrera2008long,
  title={Long run determinants of real exchange rates in Latin America},
  author={Carrera, Jorge Eduardo and Restout, Romain},
  year={2008},
  publisher={GATE Working Paper}
}
@article{carrera2008tipo,
  title={Tipo de cambio real de equilibrio como variable no observable},
  author={Carrera, Jorge Eduardo}
}
@article{cerezo2011tipo,
  title={Tipo de cambio real de equilibrio en Bolivia: cinco enfoques alternativos},
  author={Cerezo, S and Salazar, D},
  journal={Documento de trabajo presentado en el 4EEB-BCB en la ciudad de Sucre.},
  year={2011}
}
@incollection{clark1999exchange,
  title={Exchange rates and economic fundamentals: a methodological comparison of BEERs and FEERs},
  author={Clark, Peter B and MacDonald, Ronald},
  booktitle={Equilibrium exchange rates},
  pages={285--322},
  year={1999},
  publisher={Springer},
  language={spanish}
}
@article{combes2012capital,
  title={Capital flows, exchange rate flexibility, and the real exchange rate},
  author={Combes, Jean-Louis and Kinda, Tidiane and Plane, Patrick},
  journal={Journal of Macroeconomics},
  volume={34},
  number={4},
  pages={1034--1043},
  year={2012},
  publisher={Elsevier}
}
@article{costa1998determination,
  title={Determination of the equilibrium real exchange rate for the Portuguese economy using the FEER},
  author={Costa, S{\'o}nia and others},
  journal={Economic Bulletin},
  year={1998}
}
@incollection{coudert2008real,
  title={Real Equilibrium Exchange Rate in China. Is the Renminbi Undervalued?},
  author={Coudert, Virginie and Couharde, C{\'e}cile},
  booktitle={Exchange Rates and Macroeconomic Dynamics},
  pages={94--112},
  year={2008},
  publisher={Springer}
}
@techreport{de2012working,
  title={Modelling South Africa equilibrium real effective exchange rate-A VECM approach},
  author={de Jager, Shaun},
  year={2012}
}
@article{dornbusch1976expectations,
  title={Expectations and exchange rate dynamics},
  author={Dornbusch, Rudiger},
  journal={The journal of political economy},
  pages={1161--1176},
  year={1976},
  publisher={JSTOR}
}
@article{dornbusch1987exchange,
  title={Exchange Rates and Prices},
  author={Dornbusch, Rudiger and others},
  journal={American Economic Review},
  volume={77},
  number={1},
  pages={93--106},
  year={1987},
  publisher={American Economic Association}
}
@article{dornbusch1987exchange,
  title={Exchange Rate Economics: 1986},
  author={Dornbusch, Rudiger},
  journal={The Economic Journal},
  volume={97},
  number={385},
  pages={1--18},
  year={1987},
  publisher={JSTOR}
}
@article{driskill1981exchange,
  title={Exchange-rate dynamics: An empirical investigation},
  author={Driskill, Robert A},
  journal={The Journal of Political Economy},
  pages={357--371},
  year={1981},
  publisher={JSTOR}
}
@article{driver2005concepts,
  title={Concepts of equilibrium exchange rates},
  author={Driver, Rebecca L and Westaway, Peter F},
  journal={Bank of England Publications Working Paper},
  number={248},
  year={2005}
}
@article{echavarriatasa,
  title={La tasa de cambio real de equilibrio en Colombia y su desalineamiento: estimaci{\'o}n a trav{\'e}s de un modelo SVEC},
  author={Echavarr{\'\i}a, Juan Jos{\'e} and L{\'o}pez, Enrique and Misa, Martha}
}
@article{eckstein2011equilibrium,
  title={The equilibrium real exchange rate for Israel},
  author={Eckstein, Zvi and Friedman, Amit and others},
  journal={BIS background papers},
  volume={57},
  year={2011}
}
@article{edwards1987real,
  title={Real Exchange Rate Variability: An Empirical Analysis of the Developing Countries Case},
  author={Edwards, Sebastian},
  journal={International Economic Journal},
  volume={1},
  number={1},
  pages={91--106},
  year={1987},
  publisher={Taylor \& Francis}
}
@misc{edwards1987exchange,
  title={Exchange controls, devaluations and real exchange rates: The Latin American Experience},
  author={Edwards, Sebastian},
  year={1987},
  publisher={National Bureau of Economic Research Cambridge, Mass., USA}
}
@misc{edwards1988determin,
  title={The determination of equilibrium real exchange rate},
  author={Edwards, Sebastian},
  year={1988},
  publisher={UCLA Working Paper Number 508}
}
@article{edwards1989exchange,
  title={Exchange rate misalignment in developing countries},
  author={Edwards, Sebastian},
  journal={The World Bank Research Observer},
  volume={4},
  number={1},
  pages={3--21},
  year={1989},
  publisher={World Bank}
}
@article{edwards1989tariffs,
  title={Tariffs, capital controls, and equilibrium real exchange rates},
  author={Edwards, Sebastian},
  journal={Canadian Journal of Economics},
  pages={79--92},
  year={1989},
  publisher={JSTOR}
}
@article{engel2005exchange,
  title={Exchange Rates and Fundamentals},
  author={Engel, Charles and West, Kenneth D},
  journal={Journal of Political Economy},
  volume={113},
  number={3},
  pages={485--517},
  year={2005},
  publisher={JSTOR}
}
@article{escude2001evolucion,
  title={Evoluci{\'o}n del tipo de cambio real multilateral de Argentina en los {\'u}ltimos 10 a{\~n}os},
  author={Escud{\'e}, Guillermo and Gabrielli, M},
  year={2001}
}
@article{ferreyra2006tipo,
  title={Tipo de Cambio Real de Equilibrio en el Per{\'u}: modelos BEER y construcci{\'o}n de bandas de confianza},
  author={Ferreyra, Jes{\'u}s and Salas, Jorge},
  journal={Documentos de Trabajo DT},
  volume={6},
  year={2006}
}
@article{ford1982exchange,
  title={Exchange rate and trade flow equilibrium in a stochastic macro model},
  author={Ford, Robert},
  journal={Canadian Journal of Economics},
  pages={294--307},
  year={1982},
  publisher={JSTOR}
}
@article{garcia2015estimacion,
  title={Estimaci{\'o}n del tipo de cambio real de equilibrio de Honduras},
  author={Garc{\'\i}a, Yocauris and Quijada, Jos{\'e} Alejandro},
  year={2015},
  publisher={Inter-American Development Bank}
}
@article{ghosh2007macroeconomia,
  title={Macroeconom{\'\i}a y pol{\'\i}ticas de crecimiento},
  author={Ghosh, Jayati},
  journal={Nueva Delhi, India: Universidad Jawaharlal Nehru, Organizaci{\'o}n de las Naciones Unidas},
  year={2007}
}
@article{gratereaux2014tipo,
  title={Tipo De Cambio Real De Equilibrio, Fundamentos Y Desalineamiento En Una Econom{\'\i}a Peque{\~n}a Y Abierta: El Caso Dominicano},
  author={Gratereaux Hern{\'a}ndez, Carlos},
  year={2014}
}
@article{ferreyra2003tipo,
  title={Tipo de cambio real y sus fundamentos: Estimaci{\'o}n del desalineamiento},
  author={Ferreyra, Jes{\'u}s and Herrada, Rafael and others},
  journal={Revista Estudios Econ{\'o}micos},
  number={10},
  year={2003},
  publisher={Banco Central de Reserva del Per{\'u}}
}
@article{gylanik2012equilibrium,
  title={Equilibrium real effective exchange rate estimation for the Slovak economy},
  author={Gyl{\'a}nik, Milan and others},
  journal={Journal of Central Banking Theory and Practice},
  volume={2},
  pages={97--132},
  year={2012},
  publisher={Central bank of Montenegro}
}
@article{helpman1987exchange,
  title={Exchange Rate Management: Intertemporal Tradeoffs},
  author={Helpman, Elhanan and Razin, Assaf},
  journal={The American Economic Review},
  pages={107--123},
  year={1987},
  publisher={JSTOR}
}
@article{herrendorf1997importing,
  title={Importing credibility through exchange rate pegging},
  author={Herrendorf, Berthold},
  journal={The Economic Journal},
  volume={107},
  number={442},
  pages={687--694},
  year={1997},
  publisher={Wiley Online Library}
}
@article{hoffmannreal,
  title={A Real Differential View of Equilibrium Real Exchange Rates and Misalignments},
  author={Hoffmann, Mathias and MacDonald, Ronald}
}
@article{hoffmann2007fixed,
  title={Fixed versus flexible exchange rates: Evidence from developing countries},
  author={Hoffmann, Mathias},
  journal={Economica},
  volume={74},
  number={295},
  pages={425--449},
  year={2007},
  publisher={Wiley Online Library}
}
@techreport{horvath2005real,
  title={Real Equilibrium Exchange Rate Estimates: To What Extent Are They Applicable for Setting the Central Parity?},
  author={Horv{\'a}th, Roman and others},
  year={2005},
  institution={Charles University Prague, Faculty of Social Sciences, Institute of Economic Studies}
}
@article{jeanne2002noise,
  title={Noise Trading and Exchange Rate Regimes},
  author={Jeanne, Olivier and Rose, Andrew K},
  journal={Quarterly Journal of Economics},
  pages={537--569},
  year={2002},
  publisher={JSTOR}
}
@article{jongwanich2009equilibrium,
  title={Equilibrium real exchange rate, misalignment, and export performance in developing Asia},
  author={Jongwanich, Juthathip},
  journal={Asian Development Bank Economics Research Paper Series},
  number={151},
  year={2009}
}
@article{kareken1981indeterminacy,
  title={On the indeterminacy of equilibrium exchange rates},
  author={Kareken, John and Wallace, Neil},
  journal={The Quarterly Journal of Economics},
  pages={207--222},
  year={1981},
  publisher={JSTOR}
}
@incollection{krugman1990equilibrium,
  title={Equilibrium exchange rates},
  author={Krugman, Paul R},
  booktitle={International policy coordination and exchange rate fluctuations},
  pages={159--196},
  year={1990},
  publisher={University of Chicago Press}
}
@article{kyriacou2010assessing,
  title={Assessing the equilibrium exchange rate of the Cyprus pound at the time of euro adoption},
  author={Kyriacou, George and Papageourghiu, M},
  journal={Central Bank of Cyprus Working Paper},
  volume={6},
  year={2010}
}
@article{lora2000tipo,
  title={Tipo de cambio real de equilibrio: Un an{\'a}lisis del caso boliviano en los {\'u}ltimos a{\~n}os},
  author={Lora Rocha, Oscar and Orellana Rocha, Walter},
  journal={Revista de An{\'a}lisis del Banco Central de Bolivia},
  volume={3},
  pages={41},
  year={2000}
}
@article{macdonald2000concepts,
  title={Concepts to calculate equilibrium exchange rates: an overview},
  author={MacDonald, Ronald},
  year={2000},
  publisher={Bundesbank Series 1 Discussion Paper}
}
@article{macdonald2003estimation,
  title={Estimation of the equilibrium real exchange rate for South Africa},
  author={MacDonald, Ronald and Ricci, Luca Antonio},
  number={3-44},
  year={2003},
  publisher={International Monetary Fund}
}
@book{macdonald2012equilibrium,
  title={Equilibrium exchange rates},
  author={MacDonald, Ronald and Stein, Jerome L},
  volume={69},
  year={2012},
  publisher={Springer Science \& Business Media}
}
@article{mayorga2008gobierno,
  title={El gobierno de Evo Morales: cambio pol{\'\i}tico y transici{\'o}n estatal en Bolivia},
  author={Mayorga, Fernando},
  journal={Tendencias pol{\'\i}ticas actuales en los pa{\'\i}ses andinos},
  pages={21--39},
  year={2008}
}
@article{mongardini1998estimating,
  title={Estimating Egypt's equilibrium real exchange rate},
  author={Mongardini, Joannes},
  year={1998},
  publisher={International Monetary Fund}
}
@book{montiel2007equilibrium,
  title={Equilibrium real exchange rates, misalignment and competitiveness in the Southern Cone},
  author={Montiel, Peter},
  volume={62},
  year={2007},
  publisher={United Nations Publications}
}
@article{mussa1982model,
  title={A model of exchange rate dynamics},
  author={Mussa, Michael},
  journal={The Journal of Political Economy},
  pages={74--104},
  year={1982},
  publisher={JSTOR}
}
@article{musyoki2012real,
  title={Real exchange rate equilibrium and misalignment in Kenya},
  author={Musyoki, Danson and Pokhariyal, Ganesh P and Pundo, Moses},
  journal={Journal of Business Studies Quarterly},
  volume={3},
  number={4},
  pages={24--42},
  year={2012},
  publisher={Journal of Business Studies Quarterly (JBSQ)}
}
@article{neary1988determinants,
  title={Determinants of the equilibrium real exchange rate},
  author={Neary, Peter},
  journal={The American Economic Review},
  volume={78},
  number={1},
  pages={210--215},
  year={1988},
  publisher={JSTOR}
}
@article{niehans1977exchange,
  title={Exchange rate dynamics with stock/flow interaction},
  author={Niehans, J{\""u}rg},
  journal={The Journal of Political Economy},
  pages={1245--1257},
  year={1977},
  publisher={JSTOR}
}

@article{Obstfeld1995dynamics,
  author = {Maurice Obstfeld and Kenneth Rogoff},
  journal = {Journal of Political Economy},
  number = {3},
  pages = {624-660},
  publisher = {University of Chicago Press},
  title = {Exchange Rate Dynamics Redux},
  volume = {103},
  year = {1995},
  language = {spanish}
}
@article{palic2014measuring,
  title={Measuring real exchange rate misalignment in Croatia: cointegration approach},
  author={Pali{\'c}, Irena and Dumi{\v{c}}i{\'c}, Ksenija and {\v{S}}praja{\v{c}}ek, Petra},
  journal={Croatian Operational Research Review},
  volume={5},
  number={2},
  pages={135--148},
  year={2014},
  publisher={Hrvatsko dru{\v{s}}tvo za operacijska istra{\v{z}}ivanja}
}
@article{parsley2001official,
  title={Official exchange rate arrangements and real exchange rate behavior},
  author={Parsley, David C and Popper, Helen A},
  journal={Journal of Money, Credit and Banking},
  pages={976--993},
  year={2001},
  publisher={JSTOR}
}
@article{pozo1992conditional,
  title={Conditional exchange-rate volatility and the volume of international trade: evidence from the early 1900s},
  author={Pozo, Susan},
  journal={The Review of Economics and Statistics},
  pages={325--329},
  year={1992},
  publisher={JSTOR}
}
@article{rano2007real,
  title={Real exchange rate misalignment: an application of behavioral equilibrium exchange rate (BEER) to Nigeria},
  author={Rano, Aliyu Shehu Usman},
  year={2007}
}
@article{reinhart2000mirage,
  title={The mirage of floating exchange rates},
  author={Reinhart, Carmen M},
  journal={The American Economic Review},
  volume={90},
  number={2},
  pages={65--70},
  year={2000},
  publisher={JSTOR}
}
@article{rose2011exchange,
  title={Exchange rate regimes in the modern era: fixed, floating, and flaky},
  author={Rose, Andrew K},
  journal={Journal of Economic Literature},
  volume={49},
  number={3},
  pages={652--672},
  year={2011},
  publisher={American Economic Association}
}
@article{rossi2013exchange,
  title={Exchange rate predictability},
  author={Rossi, Barbara},
  journal={Journal of Economic Literature},
  volume={51},
  number={4},
  pages={1063--1119},
  year={2013},
  publisher={American Economic Association}
}
@article{sachs1988politicas,
  title={Pol{\'\i}ticas comerciales y de tipo de cambio en programas de ajuste orientados al crecimiento},
  author={Sachs, Jeffrey D and Buj, Lili},
  journal={Estudios Econ{\'o}micos},
  volume={3},
  number={1 (5},
  pages={77--108},
  year={1988},
  publisher={JSTOR}
}
@article{salera1946exchange,
  title={Exchange-Rate Parities: Comment},
  author={Salera, Virgil},
  journal={The Quarterly Journal of Economics},
  volume={60},
  number={4},
  pages={622--624},
  year={1946},
  publisher={JSTOR}
}
@article{spatafora2003equilibrium,
  title={The equilibrium real exchange rate in a commodity exporting country: The case of Russia},
  author={Spatafora, Nicola and Stavrev, Emil},
  year={2003},
  publisher={IMF Working Paper}
}
@article{stulz1987equilibrium,
  title={An equilibrium model of exchange rate determination and asset pricing with nontraded goods and imperfect information},
  author={Stulz, Ren{\'e} M},
  journal={Journal of Political Economy},
  volume={95},
  number={5},
  pages={1024--1040},
  year={1987},
  publisher={JSTOR}
}
@incollection{sturzenegger1995bolivia,
  title={Bolivia: from stabilization to what?},
  author={Sturzenegger, Federico},
  booktitle={Reform, Recovery, and Growth: Latin America and the Middle East},
  pages={239--288},
  year={1995},
  publisher={University of Chicago Press}
}
@article{tashu2015drivers,
  title={Drivers of Peru's Equilibrium Real Exchange Rate: Is the Nuevo Sol a Commodity Currency?},
  author={Tashu, Melesse},
  number={15-26},
  year={2015},
  publisher={International Monetary Fund}
}
@article{taylor1982official,
  title={Official intervention in the foreign exchange market, or, bet against the central bank},
  author={Taylor, Dean},
  journal={The Journal of Political Economy},
  pages={356--368},
  year={1982},
  publisher={JSTOR}
}
@article{torres2007tipo,
  title={Estimación del tipo de cambio real de equilibrio y de tendencia de Costa Rica: Periodo 1991-2006},
  author={Torres, Carlos Eduardo},
  journal={Documento de trabajo del Banco Central de Costa Rica},
  year={2007}
}
@article{gutierreztipo,
  title={Tipo de Cambio Real de Equilibrio para Costa Rica: Enfoque “Behavioral Equilibrium Exchange Rate”(BEER). Periodo 1991q1-2009q2},
  author={Torres, Carlos Eduardo}
}
@article{samayoa2006tipo,
  title={Tipo de cambio real de equilibrio y an{\'a}lisis de la din{\'a}mica del tipo de cambio real en Guatemala},
  author={Valle Samayoa, H{\'e}ctor Augusto},
  year={2006}
}
@article{weymark1999heteroscedastic,
  title={Heteroscedastic exchange rates and time-varying optimal intervention rules},
  author={Weymark, Diana N},
  journal={Canadian Journal of Economics},
  pages={1174--1190},
  year={1999},
  publisher={JSTOR}
}
@article{williamson1993exchange,
  title={Exchange rate management},
  author={Williamson, John},
  journal={The Economic Journal},
  volume={103},
  number={416},
  pages={188--197},
  year={1993},
  publisher={JSTOR}
}
@techreport{abdihcharalambos,	  
	title={FEER for the CFA Franc},	  
	author={Abdih, Yasser and Tsangarides, G},
	institution={IMF Working Paper 06/236,(Washington, DC: International Monetary Fund)}	
	year={2006}
}				
@article{barisone2006our,	  
	title={Are our FEERs justified?},
	author={Barisone, Giacomo and Driver, Rebecca L and Wren-Lewis, Simon},
	journal={Journal of International Money and Finance},
	volume={25},
	number={5},
	pages={741--759},
	year={2006},
	publisher={Elsevier}
}
@article{roudet2007estimation,
	title={Estimation of equilibrium exchange rates in the WAEMU: a robustness approach},
	author={Roudet, St{\'e}phane and Saxegaard, Magnus and Tsangarides, Charalambos G},
	year={2007}
}					
@book{wren2003estimates,
	title={Estimates of Equilibrium Exchange Rates for Sterling Against the Euro},
	author={Wren-Lewis, Simon},
	year={2003},
	publisher={HM Treasury}
}				
@article{borowski2003exchange,
	title={The exchange rate macroeconomic balance approach: New methodology and results for the euro, the dollar, the yen and the pound sterling},
	author={Borowski, Didier and Couharde, C{\'e}cile},
	journal={Open economies review},
	volume={14},
	number={2},
	pages={169--190},
	year={2003},
	publisher={Springer}
}
@article{lee2006methodology,
	title={Methodology for CGER Exchange Rate Assessments},
	author={Lee, Jaewoo and Milesi-Ferretti, Gian Maria and Ostry, Jonathan and Prati, Alessandro and Ricci, Luca Antonio},	
	journal={V IMF Research Department},
	year={2006}
}				
@article{wren1998real,
	title={Real exchange rates for the year 2000},
	author={Wren-Lewis, Simon and Driver, Rebecca and others},
	journal={Peterson Institute Press: Policy Analyses in International Economics},
	year={1998},
	publisher={Peterson Institute for International Economics}
}			
@article{humerez2005reexaminando,
  title={Reexaminando el desalineamiento del tipo de cambio real},
  author={Hum{\'e}rez, Julio},
  journal={Revista An{\'a}lisis Econ{\'o}mico UDAPE},
  volume={20},
  pages={152--176},
  year={2005}
}
@article{Calderon2004exchange,
  title={Un an{\'a}lisis del comportamiento del tipo de cambio real en Chile},
  author={Calder{\'o}n, C{\'e}sar},
  journal={Banco Central de Chile, Documento de trabajo},
  number={266},
  year={2004},
}
@article{Calderon2002panel,
  title={Real Exchange Rates in the Long and Short Run: A Panel Cointegration Approach},
  author={Calder{\'o}n, C{\'e}sar},
  journal={Banco Central de Chile, Documento de trabajo},
  number={153},
  year={2002},
}

@article{Obstfeld1995dynamics,
  title={Exchange rate Dynamics Redux},
  author={Obstfeld, M and Rogoff, K},
  journal={Journal of Political Economy},
  number={103},
  pages={624--660},
  year={1995},
}

@article{ferrufino1992tipo,
  title={El Tipo de Cambio Real en el Per{\'\i}odo Post-Estabilizaci{\'o}n en Bolivia},
  author={Ferrufino, Rub{\'e}n},
  journal={An{\'a}lisis Econ{\'o}mico},
  volume={5},
  year={1992}
}

@techreport{cerutti2008bolivia,
  title={Bolivia: The hydrocarbons boom and the risk of Dutch disease},
  author={Cerutti, Eugenio and Mansilla, Mario},
  number={WP/08/154},
  year={2008},
  institution={International Monetary Fund}
}

@techreport{isard2007equilibrium,
  title={Equilibrium exchange rates: assessment methodologies},
  author={Isard, Mr Peter},
  number={WP/7/296},
  year={2007},
  publisher={International Monetary Fund}
}

@techreport{mendieta2008equilibrio,
  title={El equilibrio de la competitividad cambiaria boliviana: un enfoque emp{\'\i}rico},
  author={Mendieta, Pablo},
  institution={Primer Encuentro de Economistas de Bolivia},
  year={2008},
}

@techreport{cerezo2010desempeno,
  title={El desempe{\~n}o del r{\'e}gimen cambiario boliviano en el periodo post estabilizaci{\'o}n},
  author={Cerezo, Sergio and Hum{\'e}rez, Julio and Cossio, Javier},
  institution={Banco Central de Bolivia, Documento de Trabajo},
  year={2010},
}

@inbook{hinkle1999exchange,
	author	= {Monteil, Peter J.},
	editor 	= {Hinkle, Lawrence E. and Monteil, Peter J.},
	title	= {Exchange Rate Misalignment: Concepts and Measurement for Developing Countries},
	chapter	= {Determinants of the Long-Run Equilibrium Real Exchange Rate: An Analytical Model},
	publisher= {Washington, D.C.: Banco Mundial},
	year	= {1999},
}

@inbook{baffes1999red,
	author	= {Baffes, John and O'Connell, Stephen and Elbadawi, Ibrahim},
	editor 	= {Hinkle, Lawrence E. and Monteil, Peter J.},
	title	= {Exchange Rate Misalignment: Concepts and Measurement for Developing Countries},
	chapter	= {Single Equation Estimation of the Equilibrium Real Exchange Rate},
	publisher= {Washington, D.C.: Banco Mundial},
	year	= {1999},
}

@inbook{elbadawi1994estimating,
	author	= {Elbadawi, Ibrahim},
	editor 	= {Williamson, John},
	title	= {Estimating equilibrium exchange rates},
	chapter	= {Estimating Long-Run Equilibrium Real Exchange Rates},
	publisher= {Washington, D.C.: Institute for International Economics},
	year	= {1999},
}